@Book{mostafa2012learning,
     author = {Abu-Mostafa, Yaser S. and Magdon-Ismail, Malik and Lin, Hsuan-Tien},
     title = {Learning from data : a short course},
     publisher = {AMLBook.com},
     year = {2012},
     address = {United States}
 }
